<record><leader>00000cas a22000007a 4500</leader><controlfield tag="001">16963607</controlfield><controlfield tag="008">871111d19091978txuwr ne      0    0eng d</controlfield><datafield ind1=" " ind2=" " tag="010"><subfield code="a">sn 87091169 </subfield></datafield><datafield ind1=" " ind2=" " tag="040"><subfield code="a">PPM</subfield><subfield code="b">eng</subfield><subfield code="c">PPM</subfield><subfield code="d">OCLCQ</subfield></datafield><datafield ind1=" " ind2=" " tag="042"><subfield code="a">msc</subfield></datafield><datafield ind1="0" ind2="4" tag="245"><subfield code="a">The Bartlett tribune and news.</subfield></datafield><datafield ind1=" " ind2=" " tag="260"><subfield code="a">Bartlett, Tex. :</subfield><subfield code="b">R.F. Cates,</subfield><subfield code="c">1909-1978.</subfield></datafield><datafield ind1=" " ind2=" " tag="310"><subfield code="a">Weekly</subfield></datafield><datafield ind1="0" ind2=" " tag="362"><subfield code="a">Vol. 24, no. 26 (Aug. 6, 1909)-v. 91, no. 28 (Apr. 27, 1978).</subfield></datafield><datafield ind1=" " ind2=" " tag="580"><subfield code="a">Formed by the union of: Bartlett tribune, and: Bartlett news.</subfield></datafield><datafield ind1=" " ind2=" " tag="580"><subfield code="a">Merged with: Holland progress, to form: Tribune-progress.</subfield></datafield><datafield ind1=" " ind2=" " tag="752"><subfield code="a">United States</subfield><subfield code="b">Texas</subfield><subfield code="c">Bell</subfield><subfield code="d">Bartlett.</subfield></datafield><datafield ind1="1" ind2="4" tag="780"><subfield code="t">Bartlett tribune</subfield></datafield><datafield ind1="1" ind2="4" tag="780"><subfield code="t">Bartlett news</subfield></datafield><datafield ind1="1" ind2="7" tag="785"><subfield code="t">Holland progress</subfield></datafield><datafield ind1="1" ind2="7" tag="785"><subfield code="t">Tribune-progress</subfield></datafield></record>